@article{acemoglu2000,
title={The colonial origins of comparative development: An empirical investigation},
author={Acemoglu, Daron and Johnson, Simon and Robinson, James A},
year={2000},
institution={National bureau of economic research}
}
@article{ackerberg2006,
title={Structural identification of production functions},
author={Ackerberg, Daniel and Caves, Kevin and Frazer, Garth},
year={2006}
}