% AN-2020 Thermal Design By Insight, Not Hindsight

@article{TiAN2020,
  title={AN-2020 Thermal Design By Insight, Not Hindsight},
  author={Instruments, Texas},
  journal={Texas Instruments (TI)},
  year={2013}
}

