@article{acemoglu2000,
title={The colonial origins of comparative development: An empirical investigation},
author={Acemoglu, Daron and Johnson, Simon and Robinson, James A},
year={2000},
institution={National bureau of economic research}
}

@book{acemoglu2012,
title={Why nations fail: the origins of power, prosperity and poverty},
author={Acemoglu, Daron and Robinson, James A and Woren, Dan},
volume={4},
year={2012},
publisher={SciELO Chile}
}

@online{carrington2021, 
	title = {Re: Demostración de por qué los radios de curva no son realiastas}, 
	date = {2021-01-08},  
	url = {http://www.forotrenes.com/foro/viewtopic.php?f=2&t=85260&p=751334#p751334}, 
	urldate = {2021-01-11},
	author={Carrington}
}